@article{p2,
  title={3D convolutional neural networks for human action recognition},
  author={Ji, Shuiwang and Xu, Wei and Yang, Ming and Yu, Kai},
  journal={IEEE transactions on pattern analysis and machine intelligence},
  volume={35},
  number={1},
  pages={221--231},
  year={2013},
  publisher={IEEE}
}

@inproceedings{p3,
  title={Deep learning with kernel regularization for visual recognition},
  author={Yu, Kai and Xu, Wei and Gong, Yihong},
  booktitle={Advances in Neural Information Processing Systems},
  pages={1889--1896},
  year={2009}
}

@inproceedings{p1,
  title={Deep dynamic neural networks for gesture segmentation and recognition},
  author={Wu, Di and Shao, Ling},
  booktitle={Workshop at the European Conference on Computer Vision},
  pages={552--571},
  year={2014},
  organization={Springer}
}

@inproceedings{p4,
  title={Convolutional learning of spatio-temporal features},
  author={Taylor, Graham W and Fergus, Rob and LeCun, Yann and Bregler, Christoph},
  booktitle={European conference on computer vision},
  pages={140--153},
  year={2010},
  organization={Springer}
}


@inproceedings{p5,
  title={3D convolutional neural networks for landing zone detection from lidar},
  author={Maturana, Daniel and Scherer, Sebastian},
  booktitle={2015 IEEE International Conference on Robotics and Automation (ICRA)},
  pages={3471--3478},
  year={2015},
  organization={IEEE}
}


@inproceedings{p6,
  title={Detecting human actions in surveillance videos},
  author={Yang, Ming and Ji, Shuiwang and Xu, Wei and Wang, Jinjun and Lv, Fengjun and Yu, Kai and Gong, Yihong and Dikmen, Mert and Lin, Dennis J and Huang, Thomas S},
  booktitle={TREC video retrieval evaluation workshop},
  year={2009}
}

@inproceedings{p7,
  title={Sequential deep learning for human action recognition},
  author={Baccouche, Moez and Mamalet, Franck and Wolf, Christian and Garcia, Christophe and Baskurt, Atilla},
  booktitle={International Workshop on Human Behavior Understanding},
  pages={29--39},
  year={2011},
  organization={Springer}
}

